<record><leader>00000cas a22000007a 4500</leader><controlfield tag="001">24679481</controlfield><controlfield tag="008">911105d188u1888ncuwr ne      0    0eng d</controlfield><datafield ind1=" " ind2=" " tag="010"><subfield code="a">sn 91068442 </subfield></datafield><datafield ind1=" " ind2=" " tag="040"><subfield code="a">NVJ</subfield><subfield code="b">eng</subfield><subfield code="c">NVJ</subfield><subfield code="d">OCLCQ</subfield></datafield><datafield ind1=" " ind2=" " tag="042"><subfield code="a">msc</subfield></datafield><datafield ind1="0" ind2="4" tag="245"><subfield code="a">The News and farm.</subfield></datafield><datafield ind1=" " ind2=" " tag="260"><subfield code="a">Kernersville, N.C. :</subfield><subfield code="b">J.H. Lindsay</subfield></datafield><datafield ind1=" " ind2=" " tag="300"><subfield code="a">v.</subfield></datafield><datafield ind1=" " ind2=" " tag="310"><subfield code="a">Weekly</subfield></datafield><datafield ind1=" " ind2=" " tag="588"><subfield code="a">Description based on: Vol. 7, no. 26 (Oct. 7, 1887).</subfield></datafield><datafield ind1=" " ind2=" " tag="752"><subfield code="a">United States</subfield><subfield code="b">North Carolina</subfield><subfield code="c">Forsyth</subfield><subfield code="d">Kernersville.</subfield></datafield><datafield ind1="0" ind2="0" tag="780"><subfield code="t">Kernersville news (Kernersville, N.C. : 1883)</subfield><subfield code="w">(DLC)sn 91068441</subfield></datafield><datafield ind1="0" ind2="0" tag="785"><subfield code="t">Kernersville news (Kernersville, N.C. : 1888)</subfield><subfield code="w">(DLC)sn 91068443</subfield></datafield></record>